@article{nakamoto2008bitcoin,
  title={Bitcoin: A peer-to-peer electronic cash system},
  author={Nakamoto, Satoshi and others},
  year={2008},
  publisher={Working Paper}
}

@article{wood2014ethereum,
  title={Ethereum: A secure decentralised generalised transaction ledger},
  author={Wood, Gavin and others},
  journal={Ethereum project yellow paper},
  volume={151},
  number={2014},
  pages={1--32},
  year={2014}
}

@article{kwon2014tendermint,
  title={Tendermint: Consensus without mining},
  author={Kwon, Jae},
  journal={Draft v. 0.6, fall},
  volume={1},
  pages={11},
  year={2014}
}

@inproceedings{li2006bar,
  title={BAR gossip},
  author={Li, Harry C and Clement, Allen and Wong, Edmund L and Napper, Jeff and Roy, Indrajit and Alvisi, Lorenzo and Dahlin, Michael},
  booktitle={Proceedings of the 7th symposium on Operating systems design and implementation},
  pages={191--204},
  year={2006},
  organization={USENIX Association}
}

@inproceedings{li2008flightpath,
  title={FlightPath: Obedience vs. Choice in Cooperative Services.},
  author={Li, Harry C and Clement, Allen and Marchetti, Mirco and Kapritsos, Manos and Robison, Luke and Alvisi, Lorenzo and Dahlin, Mike},
  booktitle={OSDI},
  volume={8},
  pages={355--368},
  year={2008}
}

@article{back2002hashcash,
  title={Hashcash-a denial of service counter-measure},
  author={Back, Adam and others},
  year={2002}
}

@inproceedings{douceur2002sybil,
  title={The sybil attack},
  author={Douceur, John R},
  booktitle={International workshop on peer-to-peer systems},
  pages={251--260},
  year={2002},
  organization={Springer}
}

@inproceedings{singh2006eclipse,
  title={Eclipse attacks on overlay networks: Threats and defenses},
  author={Singh, Atul and others},
  booktitle={In IEEE INFOCOM},
  year={2006},
  organization={Citeseer}
}

@techreport{pagnia1999impossibility,
  title={On the impossibility of fair exchange without a trusted third party},
  author={Pagnia, Henning and G{\"a}rtner, Felix C},
  year={1999},
  institution={Technical Report TUD-BS-1999-02, Darmstadt University of Technology~â€¦}
}

@inproceedings{goodrich2011invertible,
  title={Invertible bloom lookup tables},
  author={Goodrich, Michael T and Mitzenmacher, Michael},
  booktitle={2011 49th Annual Allerton Conference on Communication, Control, and Computing (Allerton)},
  pages={792--799},
  year={2011},
  organization={IEEE}
}

@misc{cryptoeprint:2003:235,
    author = {Yevgeniy Dodis and Rafail Ostrovsky and Leonid Reyzin and Adam Smith},
    title = {Fuzzy Extractors: How to Generate Strong Keys from Biometrics and Other Noisy Data},
    howpublished = {Cryptology ePrint Archive, Report 2003/235},
    year = {2003},
    note = {\url{https://eprint.iacr.org/2003/235}},
}

